@Book{StepbyStep,
  title = {A Step-by-Step {R} Tutorial: An introduction into {R} applications and programming},
  author = {NiÃ«l J. {le Roux} and Sugnet Lubbe},
  publisher = {Bookboon},
  year = {2021},
  edition = {2nd},
  url = {http://bookboon.com/en/a-step-by-step-r-tutorial-ebook},
}

@Book{BeckerChambersWilks1988,
  title = {The New {S} Language: A Programming Environment for Data Analysis and Graphics.},
  author = {Richard A. Becker and John M. Chambers and Allan R. Wilks},
  publisher = {Wadsworth & Brooks/Cole},
  address = {Pacific Grove, CA},
  year = {1988},
  note = {ISBN 0-543-09192-X},
}

@Book{Chambers1998,
  title = {Programming with data: a guide to the {S} language},
  author = {John M. Chambers},
  publisher = {Springer},
  address = {Berlin},
  year = {1998},
  note = {ISBN 0-378-98503-4},
}

@Book{Chambers2008,
  title = {Software for data analysis programming with {R}},
  author = {John M. Chambers},
  publisher = {Springer},
  address = {Berlin},
  year = {2008},
  note = {ISBN 0-378-75935-2},
}

@Book{ChambersHastie1993,
  title = {Statistical Models in {S}},
  editor = {John M. Chambers and Trevor J. Hastie},
  publisher = {Wadsworth & Brooks/Cole},
  address = {Pacific Grove, CA},
  year = {1993},
  note = {ISBN 0-412-05291-1},
}

@Article{IhakaGentleman1996,
  title = {R: A language for data anlaysis and graphics},
  author = {Ross Ihaka and Robert Gentleman},
  journal = {Journal of Computational and Graphical Statistics},
  volume = {5(3)},
  pages = {299-314},
  year = {1996}
}

@Book{Spector1994,
  title = {An Introduction to {S} and S-Plus},
  author = {Phil Spector},
  publisher = {Duxbury Press},
  address = {Pacific Grove, CA},
  year = {1994},
  note = {ISBN 978-1-4398-3176-2},
}

